% Some of the example bibliographical entries below were borrowed from the
% <https://www.ctan.org/pkg/biblatex-iso690> package documentation.

% MITTELBACH, Frank; FISCHER, Ulrike. The LATEX Companion:
% Tools and Techniques for Computer Typesetting. 3rd ed. United States:
% Addison-Wesley Professional, 2023. isbn 978-0138166489.


@ONLINE{jupyter_notebook,
  publisher = {Jupyter Team},
  title     = {The Jupyter Notebook},
  date      = {2015},
  url       = {https://jupyter-notebook.readthedocs.io/en/latest/notebook.html},
  urldate   = {2024-11-19},
  location  = {US},
  langid    = {english}
}

@ONLINE{jupyter_lab,
  publisher = {Project Jupyter},
  title     = {JupyterLab Documentation},
  date      = {2018/2024},
  url       = {https://jupyterlab.readthedocs.io/en/stable/},
  urldate   = {2024-11-19},
  location  = {US},
  langid    = {english}
}

@ONLINE{jupyter_lab_get_started,
  publisher = {Project Jupyter},
  title     = {Get Started},
  date      = {2018/2024},
  url       = {https://jupyterlab.readthedocs.io/en/stable/getting_started/overview.html},
  urldate   = {2024-11-19},
  location  = {US},
  langid    = {english}
}


@ONLINE{jupyterhub,
  publisher = {Project Jupyter Contributors},
  title     = {JupyterHub},
  date      = {2024},
  url       = {https://jupyterhub.readthedocs.io/en/stable/index.html},
  urldate   = {2024-11-20},
  location  = {US},
  langid    = {english}
}

@ONLINE{littlest_jupyterhub,
  publisher = {Yuvi Panda},
  title     = {The Littlest Jupyterhub},
  date      = {2018},
  url       = {https://words.yuvi.in/post/the-littlest-jupyterhub/},
  urldate   = {2024-11-20},
  langid    = {english}
}


@ONLINE{jupyterhub_arch,
  publisher = {Project Jupyter Contributors},
  title     = {JupyterHub: A conceptual overview},
  date      = {2024},
  url       = {https://jupyterhub.readthedocs.io/en/stable/explanation/concepts.html},
  urldate   = {2024-11-21},
  langid    = {english}
}

@ONLINE{jupyterhub_spawner,
  publisher = {Project Jupyter Contributors},
  title     = {Spawners},
  date      = {2024},
  url       = {https://jupyterhub.readthedocs.io/en/stable/reference/spawners.html},
  urldate   = {2024-11-21},
  langid    = {english}
}

@ONLINE{systemd,
  publisher = {systemd},
  title     = {System and Service Manager},
  date      = {2024},
  url       = {https://systemd.io/},
  urldate   = {2024-11-21},
  langid    = {english}
}


@ONLINE{jupyterhub_service,
  publisher = {Project Jupyter Contributors},
  title     = {Services},
  date      = {2024},
  url       = {https://jupyterhub.readthedocs.io/en/stable/reference/services.html#services-reference},
  urldate   = {2024-11-21},
  langid    = {english}
}



















@BOOK{mittelbach23,
  author    = {Frank Mittelbach and Ulrike Fischer}, % separate multiple authors with "and"
  date      = {2023-05-14},
  title     = {The \LaTeX{} Companion},
  subtitle  = {Tools and Techniques for Computer Typesetting},
  edition   = {3},
  location  = {United States},
  publisher = {Addison-Wesley Professional},
  pagetotal = {1984},
  isbn      = {978-0138166489},
  langid    = {english}
}

% BORGMAN, Christine L., 2003. From Gutenberg to the global information
% infrastructure: access to information in the networked world. 1st ed. Cambridge
% (Mass): The MIT Press. ISBN 0-262-52345-0 [xviii, 324]

@BOOK{borgman03,
  author    = {Borgman, Christine L.}, % use "," to denote surname ("Borgman")
  date      = {2003},
  title     = {From Gutenberg to the global information infrastructure},
  subtitle  = {access to information in the networked world},
  edition   = {1},
  location  = {Cambridge (Mass)},
  publisher = {The MIT Press},
  pagetotal = {xviii, 324},
  isbn      = {0-262-52345-0},
  langid    = {english}
}

% GREENBERG, David, 1998. Camel drivers and gatecrashers: quality control in
% the digital research library. In: HAWKINS, B.L et al. (eds.). The mirage of
% continuity: reconfiguring academic information resources for the 21st
% century.  Washington (D.C.): Council on Library and Information Resources;
% Association of American Universities, pp. 105–116

@INCOLLECTION{greenberg98,
  crossref  = {mirage98},
  author    = {Greenberg, David},
  title     = {Camel drivers and gatecrashers},
  subtitle  = {quality control in the digital research library},
  pages     = {105-116},
}

@COLLECTION{mirage98,
  title     = {The mirage of continuity},
  subtitle  = {reconfiguring academic information
               resources for the 21st century},
  editor    = {Hawkins, B.L and Battin, P}, % separate multiple editors with "and"
  date      = {1998},
  location  = {Washington (D.C.)},
  publisher = {Council on Library and Information Resources;
               Association of American Universities},
  langid    = {english}
}

% LYNCH, C., 2005. Where do we go from here?: the next decade for digital
% libraries. DLib Magazine [online]. Vol. 11, no. 7/8 [visited on 2005-08-15].
% ISSN 1082-9873.  Available from:
% http://www.dlib.org/dlib/july05/lynch/07lynch.html

@ARTICLE{lynch05,
  crossref = {dlib},
  author   = {Lynch, C.},
  title    = {Where do we go from here?},
  subtitle = {the next decade for digital libraries},
  url      = {http://www.dlib.org/dlib/july05/lynch/07lynch.html},
  urldate  = {2005-08-15}
}

@PERIODICAL{dlib,
  journaltitle = {DLib Magazine},
  date         = {2005},
  volume       = {11},
  number       = {7/8},
  issn         = {1082-9873},
  langid       = {english},
}

% HÀN, Thé Thành, 2001. Micro-typographic extensions to the TEX type- setting
% system [online]. Brno [visited on 2016-12-09]. Available from:
% http://www.pragma-ade.nl/pdftex/thesis.pdf. PhD thesis. The Faculty of
% Informatics, Masaryk University.

@PHDTHESIS{thanh01,
  author      = {Thành, Hàn Thé},
  title       = {Micro-typographic extensions to the \TeX{} typesetting system},
  date        = {2001},
  institution = {The Faculty of Informatics, Masaryk University},
  location    = {Brno},
  url         = {http://www.pragma-ade.nl/pdftex/thesis.pdf},
  urldate     = {2016-12-09},
  langid      = {english}
}

% SHANNON, Claude Elwood, 1940. A symbolic analysis of relay and switching
% circuits. Available from DOI: 1721.1/11173. Master’s thesis.  Massachusetts
% Institute of Technology.

@MASTERSTHESIS{shannon40,
  author      = {Shannon, Claude Elwood},
  title       = {A symbolic analysis of relay and switching circuits},
  date        = {1940},
  institution = {Massachusetts Institute of Technology},
  langid      = {english},
  doi         = {1721.1/11173},
}

% EHLINGER JR., Philip Charles. Device for the treatment of hiccups. US.
% US Patent, 7062320.

@PATENT{ehlinger06,
  author   = {Ehlinger Jr., Philip Charles},
  title    = {Device for the treatment of hiccups},
  type     = {US Patent},
  location = {US},
  date     = {2006},
  number   = {7062320},
  langid   = {english}
}

% Masaryk University, 1996–2009 [online]. Brno: Masaryk University
% [visited on 2016-12-09]. Available from: https://www.muni.cz/en.

@ONLINE{muni,
  publisher = {Masaryk University},
  title     = {Masaryk University},
  date      = {1996/2009},
  url       = {https://www.muni.cz/en},
  urldate   = {2016-12-09},
  location  = {Brno},
  langid    = {english}
}
